[gd_scene load_steps=119 format=2]

[ext_resource path="res://Boss/2_4.png" type="Texture" id=1]
[ext_resource path="res://Boss/B_D.png" type="Texture" id=2]
[ext_resource path="res://Boss/Pince_bas.png" type="Texture" id=3]
[ext_resource path="res://Boss/Boss_MODEL.png" type="Texture" id=4]
[ext_resource path="res://Boss/6.png" type="Texture" id=5]
[ext_resource path="res://Boss/1_3_5.png" type="Texture" id=6]
[ext_resource path="res://Boss/A_C_E.png" type="Texture" id=7]
[ext_resource path="res://Boss/Boss.png" type="Texture" id=8]
[ext_resource path="res://Boss/F.png" type="Texture" id=9]
[ext_resource path="res://Boss/Pince_Haut.png" type="Texture" id=10]
[ext_resource path="res://Spaceship.tscn" type="PackedScene" id=11]
[ext_resource path="res://utilityarm.gd" type="Script" id=12]

[sub_resource type="GDScript" id=1]
script/source = "extends Node2D


# Declare member variables here. Examples:
# var a = 2
# var b = \"text\"
signal hp_changed
var max_hp = 1000
var hp = max_hp


# Called when the node enters the scene tree for the first time.
func _ready():
	position = -($Area2D.position + $Area2D/CollisionShape2D.position - $Area2D/CollisionShape2D.shape.extents)
	pass # Replace with function body.


# Called every frame. 'delta' is the elapsed time since the previous frame.
#func _process(delta):
#	pass


func _on_Area2Ddetectplayer_player_entered():
	$AnimationTree.active = true
	#$AnimationTree.tree_root.travel(\"Base_animation\")


func _on_Hitbox_hit_by_player():
	$AnimationPlayerHit.play(\"hit\")
	hp -= 20 #change that later, hardcoded value not good
	emit_signal(\"hp_changed\", hp, max_hp) 
"

[sub_resource type="AtlasTexture" id=2]
atlas = ExtResource( 8 )
region = Rect2( 0, 0, 160, 144 )

[sub_resource type="AtlasTexture" id=3]
atlas = ExtResource( 8 )
region = Rect2( 0, 144, 160, 144 )

[sub_resource type="AtlasTexture" id=4]
atlas = ExtResource( 8 )
region = Rect2( 0, 288, 160, 144 )

[sub_resource type="AtlasTexture" id=5]
atlas = ExtResource( 8 )
region = Rect2( 0, 432, 160, 144 )

[sub_resource type="AtlasTexture" id=6]
atlas = ExtResource( 8 )
region = Rect2( 0, 576, 160, 144 )

[sub_resource type="AtlasTexture" id=7]
atlas = ExtResource( 8 )
region = Rect2( 0, 720, 160, 144 )

[sub_resource type="AtlasTexture" id=8]
atlas = ExtResource( 8 )
region = Rect2( 0, 864, 160, 144 )

[sub_resource type="AtlasTexture" id=9]
atlas = ExtResource( 8 )
region = Rect2( 0, 1008, 160, 144 )

[sub_resource type="AtlasTexture" id=10]
atlas = ExtResource( 8 )
region = Rect2( 0, 1152, 160, 144 )

[sub_resource type="AtlasTexture" id=11]
atlas = ExtResource( 8 )
region = Rect2( 0, 1296, 160, 144 )

[sub_resource type="AtlasTexture" id=12]
atlas = ExtResource( 8 )
region = Rect2( 0, 1440, 160, 144 )

[sub_resource type="AtlasTexture" id=13]
atlas = ExtResource( 8 )
region = Rect2( 0, 1584, 160, 144 )

[sub_resource type="AtlasTexture" id=14]
atlas = ExtResource( 8 )
region = Rect2( 0, 1728, 160, 144 )

[sub_resource type="AtlasTexture" id=15]
atlas = ExtResource( 8 )
region = Rect2( 0, 1872, 160, 144 )

[sub_resource type="AtlasTexture" id=16]
atlas = ExtResource( 8 )
region = Rect2( 0, 2016, 160, 144 )

[sub_resource type="AtlasTexture" id=17]
atlas = ExtResource( 8 )
region = Rect2( 0, 2160, 160, 144 )

[sub_resource type="AtlasTexture" id=18]
atlas = ExtResource( 8 )
region = Rect2( 0, 2304, 160, 144 )

[sub_resource type="AtlasTexture" id=19]
atlas = ExtResource( 8 )
region = Rect2( 0, 2448, 160, 144 )

[sub_resource type="SpriteFrames" id=20]
animations = [ {
"frames": [ SubResource( 2 ), SubResource( 3 ), SubResource( 4 ), SubResource( 5 ), SubResource( 6 ), SubResource( 7 ), SubResource( 8 ), SubResource( 9 ), SubResource( 10 ), SubResource( 11 ), SubResource( 12 ), SubResource( 13 ), SubResource( 14 ), SubResource( 15 ), SubResource( 16 ), SubResource( 17 ), SubResource( 18 ), SubResource( 19 ) ],
"loop": true,
"name": "default",
"speed": 5.0
} ]

[sub_resource type="GDScript" id=21]
script/source = "extends AnimatedSprite


# Declare member variables here. Examples:
# var a = 2
# var b = \"text\"


# Called when the node enters the scene tree for the first time.
func _ready():
	pass # Replace with function body.


# Called every frame. 'delta' is the elapsed time since the previous frame.
func _process(delta):
	position.x=round(position.x)
	position.y=round(position.y)
"

[sub_resource type="AtlasTexture" id=22]
atlas = ExtResource( 10 )
region = Rect2( 0, 0, 18, 20 )

[sub_resource type="AtlasTexture" id=23]
atlas = ExtResource( 10 )
region = Rect2( 0, 20, 18, 20 )

[sub_resource type="AtlasTexture" id=24]
atlas = ExtResource( 10 )
region = Rect2( 0, 40, 18, 20 )

[sub_resource type="AtlasTexture" id=25]
atlas = ExtResource( 10 )
region = Rect2( 0, 60, 18, 20 )

[sub_resource type="AtlasTexture" id=26]
atlas = ExtResource( 10 )
region = Rect2( 0, 80, 18, 20 )

[sub_resource type="AtlasTexture" id=27]
atlas = ExtResource( 10 )
region = Rect2( 0, 100, 18, 20 )

[sub_resource type="AtlasTexture" id=28]
atlas = ExtResource( 10 )
region = Rect2( 0, 120, 18, 20 )

[sub_resource type="AtlasTexture" id=29]
atlas = ExtResource( 10 )
region = Rect2( 0, 140, 18, 20 )

[sub_resource type="AtlasTexture" id=30]
atlas = ExtResource( 10 )
region = Rect2( 0, 160, 18, 20 )

[sub_resource type="AtlasTexture" id=31]
atlas = ExtResource( 10 )
region = Rect2( 0, 180, 18, 20 )

[sub_resource type="AtlasTexture" id=32]
atlas = ExtResource( 10 )
region = Rect2( 0, 200, 18, 20 )

[sub_resource type="AtlasTexture" id=33]
atlas = ExtResource( 10 )
region = Rect2( 0, 220, 18, 20 )

[sub_resource type="AtlasTexture" id=34]
atlas = ExtResource( 10 )
region = Rect2( 0, 240, 18, 20 )

[sub_resource type="AtlasTexture" id=35]
atlas = ExtResource( 10 )
region = Rect2( 0, 260, 18, 20 )

[sub_resource type="AtlasTexture" id=36]
atlas = ExtResource( 10 )
region = Rect2( 0, 280, 18, 20 )

[sub_resource type="AtlasTexture" id=37]
atlas = ExtResource( 10 )
region = Rect2( 0, 300, 18, 20 )

[sub_resource type="AtlasTexture" id=38]
atlas = ExtResource( 10 )
region = Rect2( 0, 320, 18, 20 )

[sub_resource type="AtlasTexture" id=39]
atlas = ExtResource( 10 )
region = Rect2( 0, 340, 18, 20 )

[sub_resource type="SpriteFrames" id=40]
animations = [ {
"frames": [ SubResource( 22 ), SubResource( 23 ), SubResource( 24 ), SubResource( 25 ), SubResource( 26 ), SubResource( 27 ), SubResource( 28 ), SubResource( 29 ), SubResource( 30 ), SubResource( 31 ), SubResource( 32 ), SubResource( 33 ), SubResource( 34 ), SubResource( 35 ), SubResource( 36 ), SubResource( 37 ), SubResource( 38 ), SubResource( 39 ) ],
"loop": true,
"name": "default",
"speed": 5.0
} ]

[sub_resource type="PhysicsMaterial" id=107]

[sub_resource type="RectangleShape2D" id=108]
extents = Vector2( 7, 8 )

[sub_resource type="RectangleShape2D" id=109]
extents = Vector2( 3, 3 )

[sub_resource type="RectangleShape2D" id=110]
extents = Vector2( 3, 3 )

[sub_resource type="RectangleShape2D" id=111]
extents = Vector2( 3, 3 )

[sub_resource type="RectangleShape2D" id=112]
extents = Vector2( 3, 3 )

[sub_resource type="RectangleShape2D" id=113]
extents = Vector2( 3, 3 )

[sub_resource type="AtlasTexture" id=114]
atlas = ExtResource( 3 )
region = Rect2( 0, 0, 18, 24 )

[sub_resource type="AtlasTexture" id=115]
atlas = ExtResource( 3 )
region = Rect2( 0, 24, 18, 24 )

[sub_resource type="AtlasTexture" id=116]
atlas = ExtResource( 3 )
region = Rect2( 0, 48, 18, 24 )

[sub_resource type="AtlasTexture" id=117]
atlas = ExtResource( 3 )
region = Rect2( 0, 72, 18, 24 )

[sub_resource type="AtlasTexture" id=118]
atlas = ExtResource( 3 )
region = Rect2( 0, 96, 18, 24 )

[sub_resource type="AtlasTexture" id=119]
atlas = ExtResource( 3 )
region = Rect2( 0, 120, 18, 24 )

[sub_resource type="AtlasTexture" id=120]
atlas = ExtResource( 3 )
region = Rect2( 0, 144, 18, 24 )

[sub_resource type="AtlasTexture" id=121]
atlas = ExtResource( 3 )
region = Rect2( 0, 168, 18, 24 )

[sub_resource type="AtlasTexture" id=122]
atlas = ExtResource( 3 )
region = Rect2( 0, 192, 18, 24 )

[sub_resource type="AtlasTexture" id=123]
atlas = ExtResource( 3 )
region = Rect2( 0, 216, 18, 24 )

[sub_resource type="AtlasTexture" id=124]
atlas = ExtResource( 3 )
region = Rect2( 0, 240, 18, 24 )

[sub_resource type="AtlasTexture" id=125]
atlas = ExtResource( 3 )
region = Rect2( 0, 264, 18, 24 )

[sub_resource type="AtlasTexture" id=60]
atlas = ExtResource( 3 )
region = Rect2( 0, 288, 18, 24 )

[sub_resource type="AtlasTexture" id=61]
atlas = ExtResource( 3 )
region = Rect2( 0, 312, 18, 24 )

[sub_resource type="AtlasTexture" id=126]
atlas = ExtResource( 3 )
region = Rect2( 0, 336, 18, 24 )

[sub_resource type="AtlasTexture" id=127]
atlas = ExtResource( 3 )
region = Rect2( 0, 360, 18, 24 )

[sub_resource type="AtlasTexture" id=128]
atlas = ExtResource( 3 )
region = Rect2( 0, 384, 18, 24 )

[sub_resource type="AtlasTexture" id=129]
atlas = ExtResource( 3 )
region = Rect2( 0, 408, 18, 24 )

[sub_resource type="SpriteFrames" id=130]
animations = [ {
"frames": [ SubResource( 114 ), SubResource( 115 ), SubResource( 116 ), SubResource( 117 ), SubResource( 118 ), SubResource( 119 ), SubResource( 120 ), SubResource( 121 ), SubResource( 122 ), SubResource( 123 ), SubResource( 124 ), SubResource( 125 ), SubResource( 60 ), SubResource( 61 ), SubResource( 126 ), SubResource( 127 ), SubResource( 128 ), SubResource( 129 ) ],
"loop": true,
"name": "default",
"speed": 5.0
} ]

[sub_resource type="RectangleShape2D" id=131]
extents = Vector2( 7, 8 )

[sub_resource type="RectangleShape2D" id=132]
extents = Vector2( 3, 3 )

[sub_resource type="RectangleShape2D" id=133]
extents = Vector2( 3, 3 )

[sub_resource type="RectangleShape2D" id=134]
extents = Vector2( 3, 3 )

[sub_resource type="RectangleShape2D" id=135]
extents = Vector2( 3, 3 )

[sub_resource type="RectangleShape2D" id=136]
extents = Vector2( 19, 76 )

[sub_resource type="RectangleShape2D" id=137]
extents = Vector2( 8, 20 )

[sub_resource type="RectangleShape2D" id=138]
extents = Vector2( 4, 8 )

[sub_resource type="RectangleShape2D" id=139]
extents = Vector2( 2, 5 )

[sub_resource type="RectangleShape2D" id=140]
extents = Vector2( 4, 8 )

[sub_resource type="RectangleShape2D" id=141]
extents = Vector2( 2, 5 )

[sub_resource type="GDScript" id=142]
script/source = "extends Area2D


# Declare member variables here. Examples:
# var a = 2
# var b = \"text\"
signal hit_by_player

# Called when the node enters the scene tree for the first time.
func _ready():
	pass # Replace with function body.


# Called every frame. 'delta' is the elapsed time since the previous frame.
#func _process(delta):
#	pass


func _on_Hitbox_body_entered(body):
	if \"Spacebullet\" in body.get_parent().name:
		body.get_parent().queue_free()
		emit_signal(\"hit_by_player\")
"

[sub_resource type="RectangleShape2D" id=143]
extents = Vector2( 10, 28 )

[sub_resource type="RectangleShape2D" id=144]
extents = Vector2( 10, 33 )

[sub_resource type="RectangleShape2D" id=81]
extents = Vector2( 4, 21 )

[sub_resource type="AnimationNodeAnimation" id=82]
animation = "ATK_PUNCH_B"

[sub_resource type="AnimationNodeAnimation" id=83]
animation = "ATK_SWEEP_H"

[sub_resource type="AnimationNodeAnimation" id=84]
animation = "ATK_X_CROSS_HB"

[sub_resource type="AnimationNodeAnimation" id=85]
animation = "Animation_Base"

[sub_resource type="AnimationNodeAnimation" id=86]
animation = "DEF_BOXE"

[sub_resource type="AnimationNodeStateMachineTransition" id=87]
switch_mode = 2
auto_advance = true

[sub_resource type="AnimationNodeStateMachineTransition" id=88]
switch_mode = 2
auto_advance = true

[sub_resource type="AnimationNodeStateMachineTransition" id=89]
switch_mode = 2
auto_advance = true

[sub_resource type="AnimationNodeStateMachineTransition" id=90]
switch_mode = 2
auto_advance = true

[sub_resource type="AnimationNodeStateMachineTransition" id=91]
switch_mode = 2
auto_advance = true

[sub_resource type="AnimationNodeStateMachineTransition" id=92]

[sub_resource type="AnimationNodeStateMachineTransition" id=93]

[sub_resource type="AnimationNodeStateMachineTransition" id=94]

[sub_resource type="AnimationNodeStateMachine" id=95]
states/ATK_PUNCH_B/node = SubResource( 82 )
states/ATK_PUNCH_B/position = Vector2( 384, 142 )
states/ATK_SWEEP_H/node = SubResource( 83 )
states/ATK_SWEEP_H/position = Vector2( 609, 104 )
states/ATK_X_CROSS_HB/node = SubResource( 84 )
states/ATK_X_CROSS_HB/position = Vector2( 877, 118 )
states/Animation_Base/node = SubResource( 85 )
states/Animation_Base/position = Vector2( 301, 261 )
states/DEF_BOXE/node = SubResource( 86 )
states/DEF_BOXE/position = Vector2( 1042, 261 )
transitions = [ "Animation_Base", "ATK_PUNCH_B", SubResource( 87 ), "ATK_PUNCH_B", "ATK_SWEEP_H", SubResource( 88 ), "ATK_SWEEP_H", "ATK_X_CROSS_HB", SubResource( 89 ), "ATK_X_CROSS_HB", "DEF_BOXE", SubResource( 90 ), "DEF_BOXE", "Animation_Base", SubResource( 91 ), "ATK_PUNCH_B", "Animation_Base", SubResource( 92 ), "ATK_SWEEP_H", "Animation_Base", SubResource( 93 ), "ATK_X_CROSS_HB", "Animation_Base", SubResource( 94 ) ]
start_node = "Animation_Base"
graph_offset = Vector2( 8, 111.026 )

[sub_resource type="AnimationNodeStateMachinePlayback" id=96]

[sub_resource type="Animation" id=97]
length = 4.0
tracks/0/type = "value"
tracks/0/path = NodePath("Boss/Icom_6/Icom_5/Icom_4/Icom_3/Icom_2/Icom_1/Icom_PB:playing")
tracks/0/interp = 1
tracks/0/loop_wrap = true
tracks/0/imported = false
tracks/0/enabled = true
tracks/0/keys = {
"times": PoolRealArray( 0, 0.5, 3.5 ),
"transitions": PoolRealArray( 1, 1, 1 ),
"update": 1,
"values": [ true, false, true ]
}
tracks/1/type = "value"
tracks/1/path = NodePath("Boss/Icom_6/Icom_5/Icom_4/Icom_3/Icom_2/Icom_1/Icom_PB:position")
tracks/1/interp = 1
tracks/1/loop_wrap = true
tracks/1/imported = false
tracks/1/enabled = true
tracks/1/keys = {
"times": PoolRealArray( 0, 0.5, 1, 1.3, 1.6, 1.9, 2.2, 2.5, 2.7, 3, 3.5 ),
"transitions": PoolRealArray( 1, 1, 1, 1, 1, 1, 1, 1, 1, 1, 1 ),
"update": 0,
"values": [ Vector2( -7, -10 ), Vector2( -7, -10 ), Vector2( -2, -8 ), Vector2( -24, -7 ), Vector2( -2, -8 ), Vector2( -15, 3 ), Vector2( -26, 1 ), Vector2( -15, 3 ), Vector2( -15, -5 ), Vector2( -27, -9 ), Vector2( -7, -10 ) ]
}
tracks/2/type = "value"
tracks/2/path = NodePath("Boss/Icom_6/Icom_5/Icom_4/Icom_3/Icom_2/Icom_1:position")
tracks/2/interp = 1
tracks/2/loop_wrap = true
tracks/2/imported = false
tracks/2/enabled = true
tracks/2/keys = {
"times": PoolRealArray( 0, 0.5, 1, 1.3, 1.6, 1.9, 2.2, 2.5, 2.7, 3, 3.5 ),
"transitions": PoolRealArray( 1, 1, 1, 1, 1, 1, 1, 1, 1, 1, 1 ),
"update": 0,
"values": [ Vector2( -9, -3 ), Vector2( -9, -3 ), Vector2( -5, -2 ), Vector2( -16, -10 ), Vector2( -5, -2 ), Vector2( -6, 1 ), Vector2( -18, 3 ), Vector2( -6, 1 ), Vector2( -5, -1 ), Vector2( -17, -6 ), Vector2( -9, -3 ) ]
}
tracks/3/type = "value"
tracks/3/path = NodePath("Boss/Icom_6/Icom_5/Icom_4/Icom_3/Icom_2:position")
tracks/3/interp = 1
tracks/3/loop_wrap = true
tracks/3/imported = false
tracks/3/enabled = true
tracks/3/keys = {
"times": PoolRealArray( 0, 0.5, 1, 1.3, 1.6, 1.9, 2.2, 2.5, 2.7, 3, 3.5 ),
"transitions": PoolRealArray( 1, 1, 1, 1, 1, 1, 1, 1, 1, 1, 1 ),
"update": 0,
"values": [ Vector2( -9, 0 ), Vector2( -9, 0 ), Vector2( -5, -2 ), Vector2( -17, -9 ), Vector2( -5, -2 ), Vector2( -5, 1 ), Vector2( -17, 2 ), Vector2( -5, 1 ), Vector2( -5, -2 ), Vector2( -17, -5 ), Vector2( -9, 0 ) ]
}
tracks/4/type = "value"
tracks/4/path = NodePath("Boss/Icom_6/Icom_5/Icom_4/Icom_3:position")
tracks/4/interp = 1
tracks/4/loop_wrap = true
tracks/4/imported = false
tracks/4/enabled = true
tracks/4/keys = {
"times": PoolRealArray( 0, 0.5, 1, 1.3, 1.6, 1.9, 2.2, 2.5, 2.7, 3, 3.5 ),
"transitions": PoolRealArray( 1, 1, 1, 1, 1, 1, 1, 1, 1, 1, 1 ),
"update": 0,
"values": [ Vector2( -9, 4 ), Vector2( -9, 4 ), Vector2( -5, -2 ), Vector2( -17, -8 ), Vector2( -5, -2 ), Vector2( -5, 1 ), Vector2( -17, 2 ), Vector2( -5, 1 ), Vector2( -5, -1 ), Vector2( -17, -6 ), Vector2( -9, 4 ) ]
}
tracks/5/type = "value"
tracks/5/path = NodePath("Boss/Icom_6/Icom_5/Icom_4:position")
tracks/5/interp = 1
tracks/5/loop_wrap = true
tracks/5/imported = false
tracks/5/enabled = true
tracks/5/keys = {
"times": PoolRealArray( 0, 0.5, 1, 1.3, 1.6, 1.9, 2.2, 2.5, 2.7, 3, 3.5 ),
"transitions": PoolRealArray( 1, 1, 1, 1, 1, 1, 1, 1, 1, 1, 1 ),
"update": 0,
"values": [ Vector2( -4, 9 ), Vector2( -4, 9 ), Vector2( -6, -3 ), Vector2( -18, -9 ), Vector2( -6, -3 ), Vector2( -7, 2 ), Vector2( -19, 2 ), Vector2( -7, 2 ), Vector2( -7, -2 ), Vector2( -20, -5 ), Vector2( -4, 9 ) ]
}
tracks/6/type = "value"
tracks/6/path = NodePath("Boss/Icom_6/Icom_5:position")
tracks/6/interp = 1
tracks/6/loop_wrap = true
tracks/6/imported = false
tracks/6/enabled = true
tracks/6/keys = {
"times": PoolRealArray( 0, 0.5, 1, 1.3, 1.6, 1.9, 2.2, 2.5, 2.7, 3, 3.5 ),
"transitions": PoolRealArray( 1, 1, 1, 1, 1, 1, 1, 1, 1, 1, 1 ),
"update": 0,
"values": [ Vector2( -4, 9 ), Vector2( -4, 9 ), Vector2( -5, -2 ), Vector2( -17, -9 ), Vector2( -5, -2 ), Vector2( -5, 1 ), Vector2( -17, 1 ), Vector2( -5, 1 ), Vector2( -5, -2 ), Vector2( -17, -5 ), Vector2( -4, 9 ) ]
}
tracks/7/type = "value"
tracks/7/path = NodePath("Boss/Icom_6:position")
tracks/7/interp = 1
tracks/7/loop_wrap = true
tracks/7/imported = false
tracks/7/enabled = true
tracks/7/keys = {
"times": PoolRealArray( 0, 0.5, 1, 1.3, 1.6, 1.9, 2.2, 2.5, 2.7, 3, 3.5 ),
"transitions": PoolRealArray( 1, 1, 1, 1, 1, 1, 1, 1, 1, 1, 1 ),
"update": 0,
"values": [ Vector2( -6, 35 ), Vector2( -6, 35 ), Vector2( -6, 35 ), Vector2( -6, 35 ), Vector2( -6, 35 ), Vector2( -6, 35 ), Vector2( -6, 35 ), Vector2( -6, 35 ), Vector2( -6, 35 ), Vector2( -6, 35 ), Vector2( -6, 35 ) ]
}
tracks/8/type = "value"
tracks/8/path = NodePath("Boss/Icom_6/Icom_5/Icom_4/Icom_3/Icom_2/Icom_1/Icom_PB:frame")
tracks/8/interp = 1
tracks/8/loop_wrap = true
tracks/8/imported = false
tracks/8/enabled = true
tracks/8/keys = {
"times": PoolRealArray( 0.5 ),
"transitions": PoolRealArray( 1 ),
"update": 1,
"values": [ 9 ]
}

[sub_resource type="Animation" id=145]
length = 4.0
tracks/0/type = "value"
tracks/0/path = NodePath("Boss/Icon_F/Icon_E/Icon_D/Icon_C/Icon_B/Icon_A/Icon_PH:playing")
tracks/0/interp = 1
tracks/0/loop_wrap = true
tracks/0/imported = false
tracks/0/enabled = false
tracks/0/keys = {
"times": PoolRealArray( 0, 0.5, 2.8 ),
"transitions": PoolRealArray( 1, 1, 1 ),
"update": 1,
"values": [ true, false, true ]
}
tracks/1/type = "value"
tracks/1/path = NodePath("Boss/Icon_F/Icon_E/Icon_D/Icon_C/Icon_B/Icon_A/Icon_PH:position")
tracks/1/interp = 1
tracks/1/loop_wrap = true
tracks/1/imported = false
tracks/1/enabled = true
tracks/1/keys = {
"times": PoolRealArray( 0, 0.5, 1.2, 1.5, 1.9, 2.3, 2.8 ),
"transitions": PoolRealArray( 1, 1, 1, 1, 1, 1, 1 ),
"update": 0,
"values": [ Vector2( -7, 10 ), Vector2( -7, 10 ), Vector2( -21, -14 ), Vector2( -21, -14 ), Vector2( -19, 1 ), Vector2( -13, 15 ), Vector2( -7, 10 ) ]
}
tracks/2/type = "value"
tracks/2/path = NodePath("Boss/Icon_F/Icon_E/Icon_D/Icon_C/Icon_B/Icon_A:position")
tracks/2/interp = 1
tracks/2/loop_wrap = true
tracks/2/imported = false
tracks/2/enabled = true
tracks/2/keys = {
"times": PoolRealArray( 0, 0.5, 1.2, 1.5, 1.9, 2.3, 2.8 ),
"transitions": PoolRealArray( 1, 1, 1, 1, 1, 1, 1 ),
"update": 0,
"values": [ Vector2( -9, 3 ), Vector2( -9, 3 ), Vector2( -15, -6 ), Vector2( -15, -6 ), Vector2( -15, 4 ), Vector2( -10, 13 ), Vector2( -9, 3 ) ]
}
tracks/3/type = "value"
tracks/3/path = NodePath("Boss/Icon_F/Icon_E/Icon_D/Icon_C/Icon_B:position")
tracks/3/interp = 1
tracks/3/loop_wrap = true
tracks/3/imported = false
tracks/3/enabled = true
tracks/3/keys = {
"times": PoolRealArray( 0, 0.5, 1.2, 1.5, 1.9, 2.3, 2.8 ),
"transitions": PoolRealArray( 1, 1, 1, 1, 1, 1, 1 ),
"update": 0,
"values": [ Vector2( -9, 0 ), Vector2( -9, 0 ), Vector2( -15, -5 ), Vector2( -15, -5 ), Vector2( -14, 4 ), Vector2( -10, 12 ), Vector2( -9, 0 ) ]
}
tracks/4/type = "value"
tracks/4/path = NodePath("Boss/Icon_F/Icon_E/Icon_D/Icon_C:position")
tracks/4/interp = 1
tracks/4/loop_wrap = true
tracks/4/imported = false
tracks/4/enabled = true
tracks/4/keys = {
"times": PoolRealArray( 0, 0.5, 1.2, 1.5, 1.9, 2.3, 2.8 ),
"transitions": PoolRealArray( 1, 1, 1, 1, 1, 1, 1 ),
"update": 0,
"values": [ Vector2( -9, -4 ), Vector2( -9, -4 ), Vector2( -16, -5 ), Vector2( -16, -5 ), Vector2( -15, 4 ), Vector2( -10, 13 ), Vector2( -9, -4 ) ]
}
tracks/5/type = "value"
tracks/5/path = NodePath("Boss/Icon_F/Icon_E/Icon_D:position")
tracks/5/interp = 1
tracks/5/loop_wrap = true
tracks/5/imported = false
tracks/5/enabled = true
tracks/5/keys = {
"times": PoolRealArray( 0, 0.5, 1.2, 1.5, 1.9, 2.3, 2.8 ),
"transitions": PoolRealArray( 1, 1, 1, 1, 1, 1, 1 ),
"update": 0,
"values": [ Vector2( -4, -9 ), Vector2( -4, -9 ), Vector2( -16, -6 ), Vector2( -16, -6 ), Vector2( -16, 4 ), Vector2( -11, 13 ), Vector2( -4, -9 ) ]
}
tracks/6/type = "value"
tracks/6/path = NodePath("Boss/Icon_F/Icon_E:position")
tracks/6/interp = 1
tracks/6/loop_wrap = true
tracks/6/imported = false
tracks/6/enabled = true
tracks/6/keys = {
"times": PoolRealArray( 0, 0.5, 1.2, 1.5, 1.9, 2.3, 2.8 ),
"transitions": PoolRealArray( 1, 1, 1, 1, 1, 1, 1 ),
"update": 0,
"values": [ Vector2( -4, -9 ), Vector2( -4, -9 ), Vector2( -16, -5 ), Vector2( -16, -5 ), Vector2( -15, 5 ), Vector2( -11, 13 ), Vector2( -4, -9 ) ]
}
tracks/7/type = "value"
tracks/7/path = NodePath("Boss/Icon_F:position")
tracks/7/interp = 1
tracks/7/loop_wrap = true
tracks/7/imported = false
tracks/7/enabled = true
tracks/7/keys = {
"times": PoolRealArray( 0, 0.5, 1.2, 1.5, 1.9, 2.3, 2.8 ),
"transitions": PoolRealArray( 1, 1, 1, 1, 1, 1, 1 ),
"update": 0,
"values": [ Vector2( -6, -35 ), Vector2( -6, -35 ), Vector2( -6, -35 ), Vector2( -6, -35 ), Vector2( -6, -35 ), Vector2( -6, -35 ), Vector2( -6, -35 ) ]
}
tracks/8/type = "value"
tracks/8/path = NodePath("Boss/Icon_F/Icon_E/Icon_D/Icon_C/Icon_B/Icon_A/Icon_PH:frame")
tracks/8/interp = 1
tracks/8/loop_wrap = true
tracks/8/imported = false
tracks/8/enabled = false
tracks/8/keys = {
"times": PoolRealArray( 0.5 ),
"transitions": PoolRealArray( 1 ),
"update": 1,
"values": [ 15 ]
}

[sub_resource type="Animation" id=146]
length = 3.0
tracks/0/type = "value"
tracks/0/path = NodePath("Boss/Icom_6/Icom_5/Icom_4/Icom_3/Icom_2/Icom_1/Icom_PB:position")
tracks/0/interp = 1
tracks/0/loop_wrap = true
tracks/0/imported = false
tracks/0/enabled = true
tracks/0/keys = {
"times": PoolRealArray( 0, 0.5, 1, 1.6, 2, 2.5 ),
"transitions": PoolRealArray( 1, 1, 1, 1, 1, 1 ),
"update": 0,
"values": [ Vector2( -7, -10 ), Vector2( -7, -10 ), Vector2( -7, -10 ), Vector2( -7, -10 ), Vector2( -18, -15 ), Vector2( -7, -10 ) ]
}
tracks/1/type = "value"
tracks/1/path = NodePath("Boss/Icom_6/Icom_5/Icom_4/Icom_3/Icom_2/Icom_1:position")
tracks/1/interp = 1
tracks/1/loop_wrap = true
tracks/1/imported = false
tracks/1/enabled = true
tracks/1/keys = {
"times": PoolRealArray( 0, 0.5, 1, 1.6, 2, 2.5 ),
"transitions": PoolRealArray( 1, 1, 1, 1, 1, 1 ),
"update": 0,
"values": [ Vector2( -9, -3 ), Vector2( -6, -7 ), Vector2( -6, -7 ), Vector2( -6, -7 ), Vector2( -15, -14 ), Vector2( -9, -3 ) ]
}
tracks/2/type = "value"
tracks/2/path = NodePath("Boss/Icom_6/Icom_5/Icom_4/Icom_3/Icom_2:position")
tracks/2/interp = 1
tracks/2/loop_wrap = true
tracks/2/imported = false
tracks/2/enabled = true
tracks/2/keys = {
"times": PoolRealArray( 0, 0.5, 1, 1.6, 2, 2.5 ),
"transitions": PoolRealArray( 1, 1, 1, 1, 1, 1 ),
"update": 0,
"values": [ Vector2( -9, 0 ), Vector2( -6, -7 ), Vector2( -6, -7 ), Vector2( -6, -7 ), Vector2( -15, -14 ), Vector2( -9, 0 ) ]
}
tracks/3/type = "value"
tracks/3/path = NodePath("Boss/Icom_6/Icom_5/Icom_4/Icom_3:position")
tracks/3/interp = 1
tracks/3/loop_wrap = true
tracks/3/imported = false
tracks/3/enabled = true
tracks/3/keys = {
"times": PoolRealArray( 0, 0.5, 1, 1.6, 2, 2.5 ),
"transitions": PoolRealArray( 1, 1, 1, 1, 1, 1 ),
"update": 0,
"values": [ Vector2( -9, 4 ), Vector2( -7, -7 ), Vector2( -7, -7 ), Vector2( -7, -7 ), Vector2( -15, -15 ), Vector2( -9, 4 ) ]
}
tracks/4/type = "value"
tracks/4/path = NodePath("Boss/Icom_6/Icom_5/Icom_4:position")
tracks/4/interp = 1
tracks/4/loop_wrap = true
tracks/4/imported = false
tracks/4/enabled = true
tracks/4/keys = {
"times": PoolRealArray( 0, 0.5, 1, 1.6, 2, 2.5 ),
"transitions": PoolRealArray( 1, 1, 1, 1, 1, 1 ),
"update": 0,
"values": [ Vector2( -4, 9 ), Vector2( -6, -8 ), Vector2( -6, -8 ), Vector2( -6, -8 ), Vector2( -15, -15 ), Vector2( -4, 9 ) ]
}
tracks/5/type = "value"
tracks/5/path = NodePath("Boss/Icom_6/Icom_5:position")
tracks/5/interp = 1
tracks/5/loop_wrap = true
tracks/5/imported = false
tracks/5/enabled = true
tracks/5/keys = {
"times": PoolRealArray( 0, 0.5, 1, 1.6, 2, 2.5 ),
"transitions": PoolRealArray( 1, 1, 1, 1, 1, 1 ),
"update": 0,
"values": [ Vector2( -4, 9 ), Vector2( -7, -7 ), Vector2( -7, -7 ), Vector2( -7, -7 ), Vector2( -15, -15 ), Vector2( -4, 9 ) ]
}
tracks/6/type = "value"
tracks/6/path = NodePath("Boss/Icom_6:position")
tracks/6/interp = 1
tracks/6/loop_wrap = true
tracks/6/imported = false
tracks/6/enabled = true
tracks/6/keys = {
"times": PoolRealArray( 0, 0.5, 1, 1.6, 2, 2.5 ),
"transitions": PoolRealArray( 1, 1, 1, 1, 1, 1 ),
"update": 0,
"values": [ Vector2( -6, 35 ), Vector2( -6, 35 ), Vector2( -6, 35 ), Vector2( -6, 35 ), Vector2( -6, 35 ), Vector2( -6, 35 ) ]
}
tracks/7/type = "value"
tracks/7/path = NodePath("Boss/Icon_F/Icon_E/Icon_D/Icon_C/Icon_B/Icon_A/Icon_PH:position")
tracks/7/interp = 1
tracks/7/loop_wrap = true
tracks/7/imported = false
tracks/7/enabled = true
tracks/7/keys = {
"times": PoolRealArray( 0, 0.5, 1, 1.6, 2, 2.5 ),
"transitions": PoolRealArray( 1, 1, 1, 1, 1, 1 ),
"update": 0,
"values": [ Vector2( -7, 10 ), Vector2( -8, 9 ), Vector2( -8, 9 ), Vector2( -8, 9 ), Vector2( -18, 15 ), Vector2( -7, 10 ) ]
}
tracks/8/type = "value"
tracks/8/path = NodePath("Boss/Icon_F/Icon_E/Icon_D/Icon_C/Icon_B/Icon_A:position")
tracks/8/interp = 1
tracks/8/loop_wrap = true
tracks/8/imported = false
tracks/8/enabled = true
tracks/8/keys = {
"times": PoolRealArray( 0, 0.5, 1, 1.6, 2, 2.5 ),
"transitions": PoolRealArray( 1, 1, 1, 1, 1, 1 ),
"update": 0,
"values": [ Vector2( -9, 3 ), Vector2( -7, 7 ), Vector2( -7, 7 ), Vector2( -7, 7 ), Vector2( -16, 14 ), Vector2( -9, 3 ) ]
}
tracks/9/type = "value"
tracks/9/path = NodePath("Boss/Icon_F/Icon_E/Icon_D/Icon_C/Icon_B:position")
tracks/9/interp = 1
tracks/9/loop_wrap = true
tracks/9/imported = false
tracks/9/enabled = true
tracks/9/keys = {
"times": PoolRealArray( 0, 0.5, 1, 1.6, 2, 2.5 ),
"transitions": PoolRealArray( 1, 1, 1, 1, 1, 1 ),
"update": 0,
"values": [ Vector2( -9, 0 ), Vector2( -6, 7 ), Vector2( -6, 7 ), Vector2( -6, 7 ), Vector2( -15, 14 ), Vector2( -9, 0 ) ]
}
tracks/10/type = "value"
tracks/10/path = NodePath("Boss/Icon_F/Icon_E/Icon_D/Icon_C:position")
tracks/10/interp = 1
tracks/10/loop_wrap = true
tracks/10/imported = false
tracks/10/enabled = true
tracks/10/keys = {
"times": PoolRealArray( 0, 0.5, 1, 1.6, 2, 2.5 ),
"transitions": PoolRealArray( 1, 1, 1, 1, 1, 1 ),
"update": 0,
"values": [ Vector2( -9, -4 ), Vector2( -6, 7 ), Vector2( -6, 7 ), Vector2( -6, 7 ), Vector2( -15, 14 ), Vector2( -9, -4 ) ]
}
tracks/11/type = "value"
tracks/11/path = NodePath("Boss/Icon_F/Icon_E/Icon_D:position")
tracks/11/interp = 1
tracks/11/loop_wrap = true
tracks/11/imported = false
tracks/11/enabled = true
tracks/11/keys = {
"times": PoolRealArray( 0, 0.5, 1, 1.6, 2, 2.5 ),
"transitions": PoolRealArray( 1, 1, 1, 1, 1, 1 ),
"update": 0,
"values": [ Vector2( -4, -9 ), Vector2( -7, 8 ), Vector2( -7, 8 ), Vector2( -7, 8 ), Vector2( -16, 15 ), Vector2( -4, -9 ) ]
}
tracks/12/type = "value"
tracks/12/path = NodePath("Boss/Icon_F/Icon_E:position")
tracks/12/interp = 1
tracks/12/loop_wrap = true
tracks/12/imported = false
tracks/12/enabled = true
tracks/12/keys = {
"times": PoolRealArray( 0, 0.5, 1, 1.6, 2, 2.5 ),
"transitions": PoolRealArray( 1, 1, 1, 1, 1, 1 ),
"update": 0,
"values": [ Vector2( -4, -9 ), Vector2( -6, 7 ), Vector2( -6, 7 ), Vector2( -6, 7 ), Vector2( -14, 15 ), Vector2( -4, -9 ) ]
}
tracks/13/type = "value"
tracks/13/path = NodePath("Boss/Icon_F:position")
tracks/13/interp = 1
tracks/13/loop_wrap = true
tracks/13/imported = false
tracks/13/enabled = true
tracks/13/keys = {
"times": PoolRealArray( 0, 0.5, 1, 1.6, 2, 2.5 ),
"transitions": PoolRealArray( 1, 1, 1, 1, 1, 1 ),
"update": 0,
"values": [ Vector2( -6, -35 ), Vector2( -6, -35 ), Vector2( -6, -35 ), Vector2( -6, -35 ), Vector2( -6, -35 ), Vector2( -6, -35 ) ]
}
tracks/14/type = "value"
tracks/14/path = NodePath("Boss/Icon_F/Icon_E/Icon_D/Icon_C/Icon_B/Icon_A/Icon_PH:playing")
tracks/14/interp = 1
tracks/14/loop_wrap = true
tracks/14/imported = false
tracks/14/enabled = true
tracks/14/keys = {
"times": PoolRealArray( 0, 2.5 ),
"transitions": PoolRealArray( 1, 1 ),
"update": 1,
"values": [ false, true ]
}
tracks/15/type = "value"
tracks/15/path = NodePath("Boss/Icon_F/Icon_E/Icon_D/Icon_C/Icon_B/Icon_A/Icon_PH:frame")
tracks/15/interp = 1
tracks/15/loop_wrap = true
tracks/15/imported = false
tracks/15/enabled = true
tracks/15/keys = {
"times": PoolRealArray( 0 ),
"transitions": PoolRealArray( 1 ),
"update": 1,
"values": [ 5 ]
}
tracks/16/type = "value"
tracks/16/path = NodePath("Boss/Icom_6/Icom_5/Icom_4/Icom_3/Icom_2/Icom_1/Icom_PB:playing")
tracks/16/interp = 1
tracks/16/loop_wrap = true
tracks/16/imported = false
tracks/16/enabled = true
tracks/16/keys = {
"times": PoolRealArray( 0, 2.5 ),
"transitions": PoolRealArray( 1, 1 ),
"update": 1,
"values": [ false, true ]
}
tracks/17/type = "value"
tracks/17/path = NodePath("Boss/Icom_6/Icom_5/Icom_4/Icom_3/Icom_2/Icom_1/Icom_PB:frame")
tracks/17/interp = 1
tracks/17/loop_wrap = true
tracks/17/imported = false
tracks/17/enabled = true
tracks/17/keys = {
"times": PoolRealArray( 0 ),
"transitions": PoolRealArray( 1 ),
"update": 1,
"values": [ 13 ]
}
tracks/18/type = "value"
tracks/18/path = NodePath("Boss:position")
tracks/18/interp = 1
tracks/18/loop_wrap = true
tracks/18/imported = false
tracks/18/enabled = true
tracks/18/keys = {
"times": PoolRealArray( 0, 0.5, 0.6, 0.7, 0.8, 0.9, 1, 1.1, 1.2, 1.3, 1.4, 1.6, 2, 2.5 ),
"transitions": PoolRealArray( 1, 1, 1, 1, 1, 1, 1, 1, 1, 1, 1, 1, 1, 1 ),
"update": 0,
"values": [ Vector2( 0, 0 ), Vector2( 8, 0 ), Vector2( 6, 0 ), Vector2( 8, 0 ), Vector2( 6, 0 ), Vector2( 8, 0 ), Vector2( 6, 0 ), Vector2( 8, 0 ), Vector2( 6, 0 ), Vector2( 8, 0 ), Vector2( 6, 0 ), Vector2( 6, 0 ), Vector2( -20, 0 ), Vector2( 0, 0 ) ]
}

[sub_resource type="Animation" id=100]
tracks/0/type = "value"
tracks/0/path = NodePath("Boss/Icom_6/Icom_5/Icom_4/Icom_3/Icom_2/Icom_1/Icom_PB:position")
tracks/0/interp = 1
tracks/0/loop_wrap = true
tracks/0/imported = false
tracks/0/enabled = true
tracks/0/keys = {
"times": PoolRealArray( 0 ),
"transitions": PoolRealArray( 1 ),
"update": 0,
"values": [ Vector2( -7, -10 ) ]
}
tracks/1/type = "value"
tracks/1/path = NodePath("Boss/Icom_6/Icom_5/Icom_4/Icom_3/Icom_2/Icom_1:position")
tracks/1/interp = 1
tracks/1/loop_wrap = true
tracks/1/imported = false
tracks/1/enabled = true
tracks/1/keys = {
"times": PoolRealArray( 0 ),
"transitions": PoolRealArray( 1 ),
"update": 0,
"values": [ Vector2( -9, -3 ) ]
}
tracks/2/type = "value"
tracks/2/path = NodePath("Boss/Icom_6/Icom_5/Icom_4/Icom_3/Icom_2:position")
tracks/2/interp = 1
tracks/2/loop_wrap = true
tracks/2/imported = false
tracks/2/enabled = true
tracks/2/keys = {
"times": PoolRealArray( 0 ),
"transitions": PoolRealArray( 1 ),
"update": 0,
"values": [ Vector2( -9, 0 ) ]
}
tracks/3/type = "value"
tracks/3/path = NodePath("Boss/Icom_6/Icom_5/Icom_4/Icom_3:position")
tracks/3/interp = 1
tracks/3/loop_wrap = true
tracks/3/imported = false
tracks/3/enabled = true
tracks/3/keys = {
"times": PoolRealArray( 0 ),
"transitions": PoolRealArray( 1 ),
"update": 0,
"values": [ Vector2( -9, 4 ) ]
}
tracks/4/type = "value"
tracks/4/path = NodePath("Boss/Icom_6/Icom_5/Icom_4:position")
tracks/4/interp = 1
tracks/4/loop_wrap = true
tracks/4/imported = false
tracks/4/enabled = true
tracks/4/keys = {
"times": PoolRealArray( 0 ),
"transitions": PoolRealArray( 1 ),
"update": 0,
"values": [ Vector2( -4, 9 ) ]
}
tracks/5/type = "value"
tracks/5/path = NodePath("Boss/Icom_6/Icom_5:position")
tracks/5/interp = 1
tracks/5/loop_wrap = true
tracks/5/imported = false
tracks/5/enabled = true
tracks/5/keys = {
"times": PoolRealArray( 0 ),
"transitions": PoolRealArray( 1 ),
"update": 0,
"values": [ Vector2( -4, 9 ) ]
}
tracks/6/type = "value"
tracks/6/path = NodePath("Boss/Icom_6:position")
tracks/6/interp = 1
tracks/6/loop_wrap = true
tracks/6/imported = false
tracks/6/enabled = true
tracks/6/keys = {
"times": PoolRealArray( 0 ),
"transitions": PoolRealArray( 1 ),
"update": 0,
"values": [ Vector2( -6, 35 ) ]
}
tracks/7/type = "value"
tracks/7/path = NodePath("Boss/Icon_F/Icon_E/Icon_D/Icon_C/Icon_B/Icon_A/Icon_PH:position")
tracks/7/interp = 1
tracks/7/loop_wrap = true
tracks/7/imported = false
tracks/7/enabled = true
tracks/7/keys = {
"times": PoolRealArray( 0 ),
"transitions": PoolRealArray( 1 ),
"update": 0,
"values": [ Vector2( -7, 10 ) ]
}
tracks/8/type = "value"
tracks/8/path = NodePath("Boss/Icon_F/Icon_E/Icon_D/Icon_C/Icon_B/Icon_A:position")
tracks/8/interp = 1
tracks/8/loop_wrap = true
tracks/8/imported = false
tracks/8/enabled = true
tracks/8/keys = {
"times": PoolRealArray( 0 ),
"transitions": PoolRealArray( 1 ),
"update": 0,
"values": [ Vector2( -9, 3 ) ]
}
tracks/9/type = "value"
tracks/9/path = NodePath("Boss/Icon_F/Icon_E/Icon_D/Icon_C/Icon_B:position")
tracks/9/interp = 1
tracks/9/loop_wrap = true
tracks/9/imported = false
tracks/9/enabled = true
tracks/9/keys = {
"times": PoolRealArray( 0 ),
"transitions": PoolRealArray( 1 ),
"update": 0,
"values": [ Vector2( -9, 0 ) ]
}
tracks/10/type = "value"
tracks/10/path = NodePath("Boss/Icon_F/Icon_E/Icon_D/Icon_C:position")
tracks/10/interp = 1
tracks/10/loop_wrap = true
tracks/10/imported = false
tracks/10/enabled = true
tracks/10/keys = {
"times": PoolRealArray( 0 ),
"transitions": PoolRealArray( 1 ),
"update": 0,
"values": [ Vector2( -9, -4 ) ]
}
tracks/11/type = "value"
tracks/11/path = NodePath("Boss/Icon_F/Icon_E/Icon_D:position")
tracks/11/interp = 1
tracks/11/loop_wrap = true
tracks/11/imported = false
tracks/11/enabled = true
tracks/11/keys = {
"times": PoolRealArray( 0 ),
"transitions": PoolRealArray( 1 ),
"update": 0,
"values": [ Vector2( -4, -9 ) ]
}
tracks/12/type = "value"
tracks/12/path = NodePath("Boss/Icon_F/Icon_E:position")
tracks/12/interp = 1
tracks/12/loop_wrap = true
tracks/12/imported = false
tracks/12/enabled = true
tracks/12/keys = {
"times": PoolRealArray( 0 ),
"transitions": PoolRealArray( 1 ),
"update": 0,
"values": [ Vector2( -4, -9 ) ]
}
tracks/13/type = "value"
tracks/13/path = NodePath("Boss/Icon_F:position")
tracks/13/interp = 1
tracks/13/loop_wrap = true
tracks/13/imported = false
tracks/13/enabled = true
tracks/13/keys = {
"times": PoolRealArray( 0 ),
"transitions": PoolRealArray( 1 ),
"update": 0,
"values": [ Vector2( -6, -35 ) ]
}
tracks/14/type = "value"
tracks/14/path = NodePath("Boss:position")
tracks/14/interp = 1
tracks/14/loop_wrap = true
tracks/14/imported = false
tracks/14/enabled = true
tracks/14/keys = {
"times": PoolRealArray( 0 ),
"transitions": PoolRealArray( 1 ),
"update": 0,
"values": [ Vector2( 0, 0 ) ]
}
tracks/15/type = "value"
tracks/15/path = NodePath(".:position")
tracks/15/interp = 1
tracks/15/loop_wrap = true
tracks/15/imported = false
tracks/15/enabled = true
tracks/15/keys = {
"times": PoolRealArray( 0 ),
"transitions": PoolRealArray( 1 ),
"update": 0,
"values": [ Vector2( 0, 0 ) ]
}
tracks/16/type = "value"
tracks/16/path = NodePath("Boss/Icom_6/Icom_5/Icom_4/Icom_3/Icom_2/Icom_1/Icom_PB:rotation_degrees")
tracks/16/interp = 1
tracks/16/loop_wrap = true
tracks/16/imported = false
tracks/16/enabled = true
tracks/16/keys = {
"times": PoolRealArray( 0 ),
"transitions": PoolRealArray( 1 ),
"update": 0,
"values": [ 0.0 ]
}
tracks/17/type = "value"
tracks/17/path = NodePath("Boss/Icom_6/Icom_5/Icom_4/Icom_3/Icom_2/Icom_1:rotation_degrees")
tracks/17/interp = 1
tracks/17/loop_wrap = true
tracks/17/imported = false
tracks/17/enabled = true
tracks/17/keys = {
"times": PoolRealArray( 0 ),
"transitions": PoolRealArray( 1 ),
"update": 0,
"values": [ 0.0 ]
}
tracks/18/type = "value"
tracks/18/path = NodePath("Boss/Icom_6/Icom_5/Icom_4/Icom_3/Icom_2:rotation_degrees")
tracks/18/interp = 1
tracks/18/loop_wrap = true
tracks/18/imported = false
tracks/18/enabled = true
tracks/18/keys = {
"times": PoolRealArray( 0 ),
"transitions": PoolRealArray( 1 ),
"update": 0,
"values": [ 0.0 ]
}
tracks/19/type = "value"
tracks/19/path = NodePath("Boss/Icom_6/Icom_5/Icom_4/Icom_3:rotation_degrees")
tracks/19/interp = 1
tracks/19/loop_wrap = true
tracks/19/imported = false
tracks/19/enabled = true
tracks/19/keys = {
"times": PoolRealArray( 0 ),
"transitions": PoolRealArray( 1 ),
"update": 0,
"values": [ 0.0 ]
}
tracks/20/type = "value"
tracks/20/path = NodePath("Boss/Icom_6/Icom_5/Icom_4:rotation_degrees")
tracks/20/interp = 1
tracks/20/loop_wrap = true
tracks/20/imported = false
tracks/20/enabled = true
tracks/20/keys = {
"times": PoolRealArray( 0 ),
"transitions": PoolRealArray( 1 ),
"update": 0,
"values": [ 0.0 ]
}
tracks/21/type = "value"
tracks/21/path = NodePath("Boss/Icom_6/Icom_5:rotation_degrees")
tracks/21/interp = 1
tracks/21/loop_wrap = true
tracks/21/imported = false
tracks/21/enabled = true
tracks/21/keys = {
"times": PoolRealArray( 0 ),
"transitions": PoolRealArray( 1 ),
"update": 0,
"values": [ 0.0 ]
}
tracks/22/type = "value"
tracks/22/path = NodePath("Boss/Icom_6:rotation_degrees")
tracks/22/interp = 1
tracks/22/loop_wrap = true
tracks/22/imported = false
tracks/22/enabled = true
tracks/22/keys = {
"times": PoolRealArray( 0 ),
"transitions": PoolRealArray( 1 ),
"update": 0,
"values": [ 0.0 ]
}
tracks/23/type = "value"
tracks/23/path = NodePath("Boss/Icon_F/Icon_E/Icon_D/Icon_C/Icon_B/Icon_A/Icon_PH:rotation_degrees")
tracks/23/interp = 1
tracks/23/loop_wrap = true
tracks/23/imported = false
tracks/23/enabled = true
tracks/23/keys = {
"times": PoolRealArray( 0 ),
"transitions": PoolRealArray( 1 ),
"update": 0,
"values": [ 0.0 ]
}
tracks/24/type = "value"
tracks/24/path = NodePath("Boss/Icon_F/Icon_E/Icon_D/Icon_C/Icon_B/Icon_A:rotation_degrees")
tracks/24/interp = 1
tracks/24/loop_wrap = true
tracks/24/imported = false
tracks/24/enabled = true
tracks/24/keys = {
"times": PoolRealArray( 0 ),
"transitions": PoolRealArray( 1 ),
"update": 0,
"values": [ 0.0 ]
}
tracks/25/type = "value"
tracks/25/path = NodePath("Boss/Icon_F/Icon_E/Icon_D/Icon_C/Icon_B:rotation_degrees")
tracks/25/interp = 1
tracks/25/loop_wrap = true
tracks/25/imported = false
tracks/25/enabled = true
tracks/25/keys = {
"times": PoolRealArray( 0 ),
"transitions": PoolRealArray( 1 ),
"update": 0,
"values": [ 0.0 ]
}
tracks/26/type = "value"
tracks/26/path = NodePath("Boss/Icon_F/Icon_E/Icon_D/Icon_C:rotation_degrees")
tracks/26/interp = 1
tracks/26/loop_wrap = true
tracks/26/imported = false
tracks/26/enabled = true
tracks/26/keys = {
"times": PoolRealArray( 0 ),
"transitions": PoolRealArray( 1 ),
"update": 0,
"values": [ 0.0 ]
}
tracks/27/type = "value"
tracks/27/path = NodePath("Boss/Icon_F/Icon_E/Icon_D:rotation_degrees")
tracks/27/interp = 1
tracks/27/loop_wrap = true
tracks/27/imported = false
tracks/27/enabled = true
tracks/27/keys = {
"times": PoolRealArray( 0 ),
"transitions": PoolRealArray( 1 ),
"update": 0,
"values": [ 0.0 ]
}
tracks/28/type = "value"
tracks/28/path = NodePath("Boss/Icon_F/Icon_E:rotation_degrees")
tracks/28/interp = 1
tracks/28/loop_wrap = true
tracks/28/imported = false
tracks/28/enabled = true
tracks/28/keys = {
"times": PoolRealArray( 0 ),
"transitions": PoolRealArray( 1 ),
"update": 0,
"values": [ 0.0 ]
}
tracks/29/type = "value"
tracks/29/path = NodePath("Boss/Icon_F:rotation_degrees")
tracks/29/interp = 1
tracks/29/loop_wrap = true
tracks/29/imported = false
tracks/29/enabled = true
tracks/29/keys = {
"times": PoolRealArray( 0 ),
"transitions": PoolRealArray( 1 ),
"update": 0,
"values": [ 0.0 ]
}
tracks/30/type = "value"
tracks/30/path = NodePath("Boss:rotation_degrees")
tracks/30/interp = 1
tracks/30/loop_wrap = true
tracks/30/imported = false
tracks/30/enabled = true
tracks/30/keys = {
"times": PoolRealArray( 0 ),
"transitions": PoolRealArray( 1 ),
"update": 0,
"values": [ 0.0 ]
}
tracks/31/type = "value"
tracks/31/path = NodePath(".:rotation_degrees")
tracks/31/interp = 1
tracks/31/loop_wrap = true
tracks/31/imported = false
tracks/31/enabled = true
tracks/31/keys = {
"times": PoolRealArray( 0 ),
"transitions": PoolRealArray( 1 ),
"update": 0,
"values": [ 0.0 ]
}

[sub_resource type="Animation" id=101]
length = 4.5
tracks/0/type = "value"
tracks/0/path = NodePath("Boss/Icom_6/Icom_5/Icom_4/Icom_3/Icom_2/Icom_1/Icom_PB:position")
tracks/0/interp = 1
tracks/0/loop_wrap = true
tracks/0/imported = false
tracks/0/enabled = true
tracks/0/keys = {
"times": PoolRealArray( 0, 0.5, 4, 4.3 ),
"transitions": PoolRealArray( 1, 1, 1, 1 ),
"update": 0,
"values": [ Vector2( -7, -10 ), Vector2( 0, -9 ), Vector2( 0, -9 ), Vector2( -7, -10 ) ]
}
tracks/1/type = "value"
tracks/1/path = NodePath("Boss/Icom_6/Icom_5/Icom_4/Icom_3/Icom_2/Icom_1:position")
tracks/1/interp = 1
tracks/1/loop_wrap = true
tracks/1/imported = false
tracks/1/enabled = true
tracks/1/keys = {
"times": PoolRealArray( 0, 0.5, 4, 4.3 ),
"transitions": PoolRealArray( 1, 1, 1, 1 ),
"update": 0,
"values": [ Vector2( -9, -3 ), Vector2( -5, -6 ), Vector2( -5, -6 ), Vector2( -9, -3 ) ]
}
tracks/2/type = "value"
tracks/2/path = NodePath("Boss/Icom_6/Icom_5/Icom_4/Icom_3/Icom_2:position")
tracks/2/interp = 1
tracks/2/loop_wrap = true
tracks/2/imported = false
tracks/2/enabled = true
tracks/2/keys = {
"times": PoolRealArray( 0, 0.5, 4, 4.3 ),
"transitions": PoolRealArray( 1, 1, 1, 1 ),
"update": 0,
"values": [ Vector2( -9, 0 ), Vector2( -6, -3 ), Vector2( -6, -3 ), Vector2( -9, 0 ) ]
}
tracks/3/type = "value"
tracks/3/path = NodePath("Boss/Icom_6/Icom_5/Icom_4/Icom_3:position")
tracks/3/interp = 1
tracks/3/loop_wrap = true
tracks/3/imported = false
tracks/3/enabled = true
tracks/3/keys = {
"times": PoolRealArray( 0, 0.5, 4, 4.3 ),
"transitions": PoolRealArray( 1, 1, 1, 1 ),
"update": 0,
"values": [ Vector2( -9, 4 ), Vector2( -8, -1 ), Vector2( -8, -1 ), Vector2( -9, 4 ) ]
}
tracks/4/type = "value"
tracks/4/path = NodePath("Boss/Icom_6/Icom_5/Icom_4:position")
tracks/4/interp = 1
tracks/4/loop_wrap = true
tracks/4/imported = false
tracks/4/enabled = true
tracks/4/keys = {
"times": PoolRealArray( 0, 0.5, 4, 4.3 ),
"transitions": PoolRealArray( 1, 1, 1, 1 ),
"update": 0,
"values": [ Vector2( -4, 9 ), Vector2( -8, 1 ), Vector2( -8, 1 ), Vector2( -4, 9 ) ]
}
tracks/5/type = "value"
tracks/5/path = NodePath("Boss/Icom_6/Icom_5:position")
tracks/5/interp = 1
tracks/5/loop_wrap = true
tracks/5/imported = false
tracks/5/enabled = true
tracks/5/keys = {
"times": PoolRealArray( 0, 0.5, 4, 4.3 ),
"transitions": PoolRealArray( 1, 1, 1, 1 ),
"update": 0,
"values": [ Vector2( -4, 9 ), Vector2( -8, 2 ), Vector2( -8, 2 ), Vector2( -4, 9 ) ]
}
tracks/6/type = "value"
tracks/6/path = NodePath("Boss/Icom_6:position")
tracks/6/interp = 1
tracks/6/loop_wrap = true
tracks/6/imported = false
tracks/6/enabled = true
tracks/6/keys = {
"times": PoolRealArray( 0, 0.5, 4, 4.3 ),
"transitions": PoolRealArray( 1, 1, 1, 1 ),
"update": 0,
"values": [ Vector2( -6, 35 ), Vector2( -6, 35 ), Vector2( -6, 35 ), Vector2( -6, 35 ) ]
}
tracks/7/type = "value"
tracks/7/path = NodePath("Boss/Icon_F/Icon_E/Icon_D/Icon_C/Icon_B/Icon_A/Icon_PH:position")
tracks/7/interp = 1
tracks/7/loop_wrap = true
tracks/7/imported = false
tracks/7/enabled = true
tracks/7/keys = {
"times": PoolRealArray( 0, 0.5, 4, 4.3 ),
"transitions": PoolRealArray( 1, 1, 1, 1 ),
"update": 0,
"values": [ Vector2( -7, 10 ), Vector2( 0, 9 ), Vector2( 0, 9 ), Vector2( -7, 10 ) ]
}
tracks/8/type = "value"
tracks/8/path = NodePath("Boss/Icon_F/Icon_E/Icon_D/Icon_C/Icon_B/Icon_A:position")
tracks/8/interp = 1
tracks/8/loop_wrap = true
tracks/8/imported = false
tracks/8/enabled = true
tracks/8/keys = {
"times": PoolRealArray( 0, 0.5, 4, 4.3 ),
"transitions": PoolRealArray( 1, 1, 1, 1 ),
"update": 0,
"values": [ Vector2( -9, 3 ), Vector2( -6, 3 ), Vector2( -6, 3 ), Vector2( -9, 3 ) ]
}
tracks/9/type = "value"
tracks/9/path = NodePath("Boss/Icon_F/Icon_E/Icon_D/Icon_C/Icon_B:position")
tracks/9/interp = 1
tracks/9/loop_wrap = true
tracks/9/imported = false
tracks/9/enabled = true
tracks/9/keys = {
"times": PoolRealArray( 0, 0.5, 4, 4.3 ),
"transitions": PoolRealArray( 1, 1, 1, 1 ),
"update": 0,
"values": [ Vector2( -9, 0 ), Vector2( -6, 3 ), Vector2( -6, 3 ), Vector2( -9, 0 ) ]
}
tracks/10/type = "value"
tracks/10/path = NodePath("Boss/Icon_F/Icon_E/Icon_D/Icon_C:position")
tracks/10/interp = 1
tracks/10/loop_wrap = true
tracks/10/imported = false
tracks/10/enabled = true
tracks/10/keys = {
"times": PoolRealArray( 0, 0.5, 4, 4.3 ),
"transitions": PoolRealArray( 1, 1, 1, 1 ),
"update": 0,
"values": [ Vector2( -9, -4 ), Vector2( -8, 2 ), Vector2( -8, 2 ), Vector2( -9, -4 ) ]
}
tracks/11/type = "value"
tracks/11/path = NodePath("Boss/Icon_F/Icon_E/Icon_D:position")
tracks/11/interp = 1
tracks/11/loop_wrap = true
tracks/11/imported = false
tracks/11/enabled = true
tracks/11/keys = {
"times": PoolRealArray( 0, 0.5, 4, 4.3 ),
"transitions": PoolRealArray( 1, 1, 1, 1 ),
"update": 0,
"values": [ Vector2( -4, -9 ), Vector2( -8, 1 ), Vector2( -8, 1 ), Vector2( -4, -9 ) ]
}
tracks/12/type = "value"
tracks/12/path = NodePath("Boss/Icon_F/Icon_E:position")
tracks/12/interp = 1
tracks/12/loop_wrap = true
tracks/12/imported = false
tracks/12/enabled = true
tracks/12/keys = {
"times": PoolRealArray( 0, 0.5, 4, 4.3 ),
"transitions": PoolRealArray( 1, 1, 1, 1 ),
"update": 0,
"values": [ Vector2( -4, -9 ), Vector2( -8, 0 ), Vector2( -8, 0 ), Vector2( -4, -9 ) ]
}
tracks/13/type = "value"
tracks/13/path = NodePath("Boss/Icon_F:position")
tracks/13/interp = 1
tracks/13/loop_wrap = true
tracks/13/imported = false
tracks/13/enabled = true
tracks/13/keys = {
"times": PoolRealArray( 0, 0.5, 4, 4.3 ),
"transitions": PoolRealArray( 1, 1, 1, 1 ),
"update": 0,
"values": [ Vector2( -6, -35 ), Vector2( -6, -35 ), Vector2( -6, -35 ), Vector2( -6, -35 ) ]
}
tracks/14/type = "value"
tracks/14/path = NodePath("Boss:position")
tracks/14/interp = 1
tracks/14/loop_wrap = true
tracks/14/imported = false
tracks/14/enabled = true
tracks/14/keys = {
"times": PoolRealArray( 0, 0.5, 4, 4.3 ),
"transitions": PoolRealArray( 1, 1, 1, 1 ),
"update": 0,
"values": [ Vector2( 0, 0 ), Vector2( 8.25, 0 ), Vector2( 8.25, 0 ), Vector2( 0, 0 ) ]
}

[sub_resource type="Animation" id=102]
length = 1.2
tracks/0/type = "value"
tracks/0/path = NodePath("Boss/Icon_F/Icon_E/Icon_D/Icon_C/Icon_B/Icon_A/Icon_PH:playing")
tracks/0/interp = 1
tracks/0/loop_wrap = true
tracks/0/imported = false
tracks/0/enabled = true
tracks/0/keys = {
"times": PoolRealArray(  ),
"transitions": PoolRealArray(  ),
"update": 1,
"values": [  ]
}
tracks/1/type = "value"
tracks/1/path = NodePath("Boss/Icon_F/Icon_E/Icon_D/Icon_C/Icon_B/Icon_A/Icon_PH:frame")
tracks/1/interp = 1
tracks/1/loop_wrap = true
tracks/1/imported = false
tracks/1/enabled = true
tracks/1/keys = {
"times": PoolRealArray(  ),
"transitions": PoolRealArray(  ),
"update": 1,
"values": [  ]
}
tracks/2/type = "value"
tracks/2/path = NodePath("Boss/Icom_6/Icom_5/Icom_4/Icom_3/Icom_2/Icom_1/Icom_PB:playing")
tracks/2/interp = 1
tracks/2/loop_wrap = true
tracks/2/imported = false
tracks/2/enabled = true
tracks/2/keys = {
"times": PoolRealArray(  ),
"transitions": PoolRealArray(  ),
"update": 1,
"values": [  ]
}
tracks/3/type = "value"
tracks/3/path = NodePath("Boss/Icom_6/Icom_5/Icom_4/Icom_3/Icom_2/Icom_1/Icom_PB:frame")
tracks/3/interp = 1
tracks/3/loop_wrap = true
tracks/3/imported = false
tracks/3/enabled = true
tracks/3/keys = {
"times": PoolRealArray(  ),
"transitions": PoolRealArray(  ),
"update": 1,
"values": [  ]
}
tracks/4/type = "value"
tracks/4/path = NodePath("Boss/Icom_6/Icom_5/Icom_4/Icom_3/Icom_2/Icom_1/Icom_PB:position")
tracks/4/interp = 1
tracks/4/loop_wrap = true
tracks/4/imported = false
tracks/4/enabled = true
tracks/4/keys = {
"times": PoolRealArray( 0, 0.3, 0.6, 0.9 ),
"transitions": PoolRealArray( 1, 1, 1, 1 ),
"update": 0,
"values": [ Vector2( -7, -10 ), Vector2( -10, 7 ), Vector2( 7, 10 ), Vector2( 10, -7 ) ]
}
tracks/5/type = "value"
tracks/5/path = NodePath("Boss/Icom_6/Icom_5/Icom_4/Icom_3/Icom_2/Icom_1:position")
tracks/5/interp = 1
tracks/5/loop_wrap = true
tracks/5/imported = false
tracks/5/enabled = true
tracks/5/keys = {
"times": PoolRealArray( 0, 0.3, 0.6, 0.9 ),
"transitions": PoolRealArray( 1, 1, 1, 1 ),
"update": 0,
"values": [ Vector2( -9, -3 ), Vector2( -9, -3 ), Vector2( -9, -3 ), Vector2( -9, -3 ) ]
}
tracks/6/type = "value"
tracks/6/path = NodePath("Boss/Icom_6/Icom_5/Icom_4/Icom_3/Icom_2:position")
tracks/6/interp = 1
tracks/6/loop_wrap = true
tracks/6/imported = false
tracks/6/enabled = true
tracks/6/keys = {
"times": PoolRealArray( 0, 0.3, 0.6, 0.9 ),
"transitions": PoolRealArray( 1, 1, 1, 1 ),
"update": 0,
"values": [ Vector2( -9, 0 ), Vector2( -9, 0 ), Vector2( -9, 0 ), Vector2( -9, 0 ) ]
}
tracks/7/type = "value"
tracks/7/path = NodePath("Boss/Icom_6/Icom_5/Icom_4/Icom_3:position")
tracks/7/interp = 1
tracks/7/loop_wrap = true
tracks/7/imported = false
tracks/7/enabled = true
tracks/7/keys = {
"times": PoolRealArray( 0, 0.3, 0.6, 0.9 ),
"transitions": PoolRealArray( 1, 1, 1, 1 ),
"update": 0,
"values": [ Vector2( -9, 4 ), Vector2( -9, 4 ), Vector2( -9, 4 ), Vector2( -9, 4 ) ]
}
tracks/8/type = "value"
tracks/8/path = NodePath("Boss/Icom_6/Icom_5/Icom_4:position")
tracks/8/interp = 1
tracks/8/loop_wrap = true
tracks/8/imported = false
tracks/8/enabled = true
tracks/8/keys = {
"times": PoolRealArray( 0, 0.3, 0.6, 0.9 ),
"transitions": PoolRealArray( 1, 1, 1, 1 ),
"update": 0,
"values": [ Vector2( -4, 9 ), Vector2( -4, 9 ), Vector2( -4, 9 ), Vector2( -4, 9 ) ]
}
tracks/9/type = "value"
tracks/9/path = NodePath("Boss/Icom_6/Icom_5:position")
tracks/9/interp = 1
tracks/9/loop_wrap = true
tracks/9/imported = false
tracks/9/enabled = true
tracks/9/keys = {
"times": PoolRealArray( 0, 0.3, 0.6, 0.9 ),
"transitions": PoolRealArray( 1, 1, 1, 1 ),
"update": 0,
"values": [ Vector2( -4, 9 ), Vector2( -4, 9 ), Vector2( -4, 9 ), Vector2( -4, 9 ) ]
}
tracks/10/type = "value"
tracks/10/path = NodePath("Boss/Icom_6:position")
tracks/10/interp = 1
tracks/10/loop_wrap = true
tracks/10/imported = false
tracks/10/enabled = true
tracks/10/keys = {
"times": PoolRealArray( 0, 0.3, 0.6, 0.9 ),
"transitions": PoolRealArray( 1, 1, 1, 1 ),
"update": 0,
"values": [ Vector2( -6, 35 ), Vector2( -6, 35 ), Vector2( -6, 35 ), Vector2( -6, 35 ) ]
}
tracks/11/type = "value"
tracks/11/path = NodePath("Boss/Icon_F/Icon_E/Icon_D/Icon_C/Icon_B/Icon_A/Icon_PH:position")
tracks/11/interp = 1
tracks/11/loop_wrap = true
tracks/11/imported = false
tracks/11/enabled = true
tracks/11/keys = {
"times": PoolRealArray( 0 ),
"transitions": PoolRealArray( 1 ),
"update": 0,
"values": [ Vector2( -7, 10 ) ]
}
tracks/12/type = "value"
tracks/12/path = NodePath("Boss/Icon_F/Icon_E/Icon_D/Icon_C/Icon_B/Icon_A:position")
tracks/12/interp = 1
tracks/12/loop_wrap = true
tracks/12/imported = false
tracks/12/enabled = true
tracks/12/keys = {
"times": PoolRealArray( 0 ),
"transitions": PoolRealArray( 1 ),
"update": 0,
"values": [ Vector2( -9, 3 ) ]
}
tracks/13/type = "value"
tracks/13/path = NodePath("Boss/Icon_F/Icon_E/Icon_D/Icon_C/Icon_B:position")
tracks/13/interp = 1
tracks/13/loop_wrap = true
tracks/13/imported = false
tracks/13/enabled = true
tracks/13/keys = {
"times": PoolRealArray( 0 ),
"transitions": PoolRealArray( 1 ),
"update": 0,
"values": [ Vector2( -9, 0 ) ]
}
tracks/14/type = "value"
tracks/14/path = NodePath("Boss/Icon_F/Icon_E/Icon_D/Icon_C:position")
tracks/14/interp = 1
tracks/14/loop_wrap = true
tracks/14/imported = false
tracks/14/enabled = true
tracks/14/keys = {
"times": PoolRealArray( 0 ),
"transitions": PoolRealArray( 1 ),
"update": 0,
"values": [ Vector2( -9, -4 ) ]
}
tracks/15/type = "value"
tracks/15/path = NodePath("Boss/Icon_F/Icon_E/Icon_D:position")
tracks/15/interp = 1
tracks/15/loop_wrap = true
tracks/15/imported = false
tracks/15/enabled = true
tracks/15/keys = {
"times": PoolRealArray( 0 ),
"transitions": PoolRealArray( 1 ),
"update": 0,
"values": [ Vector2( -4, -9 ) ]
}
tracks/16/type = "value"
tracks/16/path = NodePath("Boss/Icon_F/Icon_E:position")
tracks/16/interp = 1
tracks/16/loop_wrap = true
tracks/16/imported = false
tracks/16/enabled = true
tracks/16/keys = {
"times": PoolRealArray( 0 ),
"transitions": PoolRealArray( 1 ),
"update": 0,
"values": [ Vector2( -4, -9 ) ]
}
tracks/17/type = "value"
tracks/17/path = NodePath("Boss/Icon_F:position")
tracks/17/interp = 1
tracks/17/loop_wrap = true
tracks/17/imported = false
tracks/17/enabled = true
tracks/17/keys = {
"times": PoolRealArray( 0 ),
"transitions": PoolRealArray( 1 ),
"update": 0,
"values": [ Vector2( -6, -35 ) ]
}

[sub_resource type="Animation" id=103]
resource_name = "hit"
length = 0.4
tracks/0/type = "value"
tracks/0/path = NodePath("Boss:visible")
tracks/0/interp = 1
tracks/0/loop_wrap = true
tracks/0/imported = false
tracks/0/enabled = true
tracks/0/keys = {
"times": PoolRealArray( 0, 0.1, 0.2, 0.3, 0.4, 0.5 ),
"transitions": PoolRealArray( 1, 1, 1, 1, 1, 1 ),
"update": 1,
"values": [ true, false, true, false, true, false ]
}

[sub_resource type="RectangleShape2D" id=104]
extents = Vector2( 80, 72 )

[sub_resource type="GDScript" id=105]
script/source = "extends Area2D


# Declare member variables here. Examples:
# var a = 2
# var b = \"text\"
signal player_entered

# Called when the node enters the scene tree for the first time.
func _ready():
	pass # Replace with function body.


# Called every frame. 'delta' is the elapsed time since the previous frame.
#func _process(delta):
#	pass


func _on_Area2Ddetectplayer_body_entered(body):
	if body.get_parent().name == \"Spaceship\":
		emit_signal(\"player_entered\")
		self.monitoring = false
		$CollisionShape2D.disabled = true
		#self.queue_free?
"

[sub_resource type="RectangleShape2D" id=106]
extents = Vector2( 13, 72 )

[node name="Boss" type="Node2D"]
script = SubResource( 1 )
__meta__ = {
"_edit_ik_": true
}

[node name="Sprite" type="Sprite" parent="."]
visible = false
self_modulate = Color( 1, 1, 1, 0.392157 )
texture = ExtResource( 4 )

[node name="Boss" type="AnimatedSprite" parent="."]
frames = SubResource( 20 )
frame = 2
playing = true
script = SubResource( 21 )

[node name="Icon_F" type="Sprite" parent="Boss"]
position = Vector2( -6, -35 )
texture = ExtResource( 9 )
script = ExtResource( 12 )
__meta__ = {
"_edit_bone_": true,
"_edit_ik_": true
}

[node name="Icon_E" type="Sprite" parent="Boss/Icon_F"]
position = Vector2( -4, -9 )
texture = ExtResource( 7 )
script = ExtResource( 12 )
__meta__ = {
"_edit_bone_": true
}

[node name="Icon_D" type="Sprite" parent="Boss/Icon_F/Icon_E"]
position = Vector2( -4, -9 )
texture = ExtResource( 2 )
script = ExtResource( 12 )
__meta__ = {
"_edit_bone_": true
}

[node name="Icon_C" type="Sprite" parent="Boss/Icon_F/Icon_E/Icon_D"]
position = Vector2( -9, -4 )
texture = ExtResource( 7 )
script = ExtResource( 12 )
__meta__ = {
"_edit_bone_": true
}

[node name="Icon_B" type="Sprite" parent="Boss/Icon_F/Icon_E/Icon_D/Icon_C"]
position = Vector2( -9, 0 )
texture = ExtResource( 2 )
script = ExtResource( 12 )
__meta__ = {
"_edit_bone_": true
}

[node name="Icon_A" type="Sprite" parent="Boss/Icon_F/Icon_E/Icon_D/Icon_C/Icon_B"]
position = Vector2( -9, 3 )
texture = ExtResource( 7 )
script = ExtResource( 12 )
__meta__ = {
"_edit_bone_": true
}

[node name="Icon_PH" type="AnimatedSprite" parent="Boss/Icon_F/Icon_E/Icon_D/Icon_C/Icon_B/Icon_A"]
position = Vector2( -7, 10 )
frames = SubResource( 40 )
frame = 11
playing = true
offset = Vector2( -2, 5 )
script = ExtResource( 12 )
__meta__ = {
"_edit_bone_": true
}

[node name="StaticBody2DPH" type="StaticBody2D" parent="Boss/Icon_F/Icon_E/Icon_D/Icon_C/Icon_B/Icon_A/Icon_PH" groups=[
"hurt_player",
]]
position = Vector2( -1, 4 )
collision_layer = 5
physics_material_override = SubResource( 107 )
__meta__ = {
"_edit_group_": true
}

[node name="CollisionShape2D" type="CollisionShape2D" parent="Boss/Icon_F/Icon_E/Icon_D/Icon_C/Icon_B/Icon_A/Icon_PH/StaticBody2DPH"]
shape = SubResource( 108 )

[node name="StaticBody2DA" type="StaticBody2D" parent="Boss/Icon_F/Icon_E/Icon_D/Icon_C/Icon_B/Icon_A" groups=[
"hurt_player",
]]
collision_layer = 5
collision_mask = 0
physics_material_override = SubResource( 107 )

[node name="CollisionShape2D" type="CollisionShape2D" parent="Boss/Icon_F/Icon_E/Icon_D/Icon_C/Icon_B/Icon_A/StaticBody2DA"]
shape = SubResource( 109 )

[node name="StaticBody2DB" type="StaticBody2D" parent="Boss/Icon_F/Icon_E/Icon_D/Icon_C/Icon_B" groups=[
"hurt_player",
]]
collision_layer = 5
collision_mask = 0
physics_material_override = SubResource( 107 )

[node name="CollisionShape2D" type="CollisionShape2D" parent="Boss/Icon_F/Icon_E/Icon_D/Icon_C/Icon_B/StaticBody2DB"]
shape = SubResource( 110 )

[node name="StaticBody2DC" type="StaticBody2D" parent="Boss/Icon_F/Icon_E/Icon_D/Icon_C" groups=[
"hurt_player",
]]
collision_layer = 5
collision_mask = 0
physics_material_override = SubResource( 107 )

[node name="CollisionShape2D" type="CollisionShape2D" parent="Boss/Icon_F/Icon_E/Icon_D/Icon_C/StaticBody2DC"]
shape = SubResource( 111 )

[node name="StaticBody2DD" type="StaticBody2D" parent="Boss/Icon_F/Icon_E/Icon_D" groups=[
"hurt_player",
]]
collision_layer = 5
collision_mask = 0
physics_material_override = SubResource( 107 )

[node name="CollisionShape2D" type="CollisionShape2D" parent="Boss/Icon_F/Icon_E/Icon_D/StaticBody2DD"]
shape = SubResource( 112 )

[node name="StaticBody2DE" type="StaticBody2D" parent="Boss/Icon_F/Icon_E" groups=[
"hurt_player",
]]
collision_layer = 5
collision_mask = 0
physics_material_override = SubResource( 107 )

[node name="CollisionShape2D" type="CollisionShape2D" parent="Boss/Icon_F/Icon_E/StaticBody2DE"]
shape = SubResource( 113 )

[node name="Icom_6" type="Sprite" parent="Boss"]
position = Vector2( -6, 35 )
texture = ExtResource( 5 )
script = ExtResource( 12 )
__meta__ = {
"_edit_bone_": true,
"_edit_ik_": true
}

[node name="Icom_5" type="Sprite" parent="Boss/Icom_6"]
position = Vector2( -4, 9 )
texture = ExtResource( 6 )
script = ExtResource( 12 )
__meta__ = {
"_edit_bone_": true
}

[node name="Icom_4" type="Sprite" parent="Boss/Icom_6/Icom_5"]
position = Vector2( -4, 9 )
texture = ExtResource( 1 )
script = ExtResource( 12 )
__meta__ = {
"_edit_bone_": true
}

[node name="Icom_3" type="Sprite" parent="Boss/Icom_6/Icom_5/Icom_4"]
position = Vector2( -9, 4 )
texture = ExtResource( 6 )
script = ExtResource( 12 )
__meta__ = {
"_edit_bone_": true
}

[node name="Icom_2" type="Sprite" parent="Boss/Icom_6/Icom_5/Icom_4/Icom_3"]
position = Vector2( -9, 0 )
texture = ExtResource( 1 )
script = ExtResource( 12 )
__meta__ = {
"_edit_bone_": true
}

[node name="Icom_1" type="Sprite" parent="Boss/Icom_6/Icom_5/Icom_4/Icom_3/Icom_2"]
position = Vector2( -9, -3 )
texture = ExtResource( 6 )
script = ExtResource( 12 )
__meta__ = {
"_edit_bone_": true
}

[node name="Icom_PB" type="AnimatedSprite" parent="Boss/Icom_6/Icom_5/Icom_4/Icom_3/Icom_2/Icom_1"]
position = Vector2( -7, -10 )
frames = SubResource( 130 )
frame = 7
playing = true
offset = Vector2( -2, -7 )
script = ExtResource( 12 )
__meta__ = {
"_edit_bone_": true
}

[node name="StaticBody2DPB" type="StaticBody2D" parent="Boss/Icom_6/Icom_5/Icom_4/Icom_3/Icom_2/Icom_1/Icom_PB" groups=[
"hurt_player",
]]
position = Vector2( -1, -6 )
collision_layer = 5
collision_mask = 0
physics_material_override = SubResource( 107 )
__meta__ = {
"_edit_group_": true
}

[node name="CollisionShape2D" type="CollisionShape2D" parent="Boss/Icom_6/Icom_5/Icom_4/Icom_3/Icom_2/Icom_1/Icom_PB/StaticBody2DPB"]
shape = SubResource( 131 )

[node name="StaticBody2D1" type="StaticBody2D" parent="Boss/Icom_6/Icom_5/Icom_4/Icom_3/Icom_2/Icom_1" groups=[
"hurt_player",
]]
collision_layer = 5
collision_mask = 0
physics_material_override = SubResource( 107 )

[node name="CollisionShape2D" type="CollisionShape2D" parent="Boss/Icom_6/Icom_5/Icom_4/Icom_3/Icom_2/Icom_1/StaticBody2D1"]
shape = SubResource( 132 )

[node name="StaticBody2D2" type="StaticBody2D" parent="Boss/Icom_6/Icom_5/Icom_4/Icom_3/Icom_2" groups=[
"hurt_player",
]]
collision_layer = 5
collision_mask = 0
physics_material_override = SubResource( 107 )

[node name="CollisionShape2D" type="CollisionShape2D" parent="Boss/Icom_6/Icom_5/Icom_4/Icom_3/Icom_2/StaticBody2D2"]
shape = SubResource( 133 )

[node name="StaticBody2D3" type="StaticBody2D" parent="Boss/Icom_6/Icom_5/Icom_4/Icom_3" groups=[
"hurt_player",
]]
collision_layer = 5
collision_mask = 0
physics_material_override = SubResource( 107 )

[node name="CollisionShape2D" type="CollisionShape2D" parent="Boss/Icom_6/Icom_5/Icom_4/Icom_3/StaticBody2D3"]
shape = SubResource( 134 )

[node name="StaticBody2D4" type="StaticBody2D" parent="Boss/Icom_6/Icom_5/Icom_4" groups=[
"hurt_player",
]]
collision_layer = 5
collision_mask = 0
physics_material_override = SubResource( 107 )

[node name="CollisionShape2D" type="CollisionShape2D" parent="Boss/Icom_6/Icom_5/Icom_4/StaticBody2D4"]
shape = SubResource( 134 )

[node name="StaticBody2D5" type="StaticBody2D" parent="Boss/Icom_6/Icom_5" groups=[
"hurt_player",
]]
collision_layer = 5
collision_mask = 0
physics_material_override = SubResource( 107 )

[node name="CollisionShape2D" type="CollisionShape2D" parent="Boss/Icom_6/Icom_5/StaticBody2D5"]
shape = SubResource( 135 )

[node name="StaticBody2D" type="StaticBody2D" parent="Boss"]
position = Vector2( 12, 0 )
collision_layer = 5
collision_mask = 0
physics_material_override = SubResource( 107 )

[node name="CollisionShape2D" type="CollisionShape2D" parent="Boss/StaticBody2D"]
shape = SubResource( 136 )

[node name="StaticBody2DBoss" type="StaticBody2D" parent="Boss" groups=[
"hurt_player",
]]
position = Vector2( -15, 0 )
collision_mask = 0
physics_material_override = SubResource( 107 )

[node name="CollisionShape2D" type="CollisionShape2D" parent="Boss/StaticBody2DBoss"]
shape = SubResource( 137 )

[node name="StaticBody2DBoss2" type="StaticBody2D" parent="Boss" groups=[
"hurt_player",
]]
position = Vector2( -11, -28 )
collision_mask = 0
physics_material_override = SubResource( 107 )
__meta__ = {
"_edit_group_": true
}

[node name="CollisionShape2D" type="CollisionShape2D" parent="Boss/StaticBody2DBoss2"]
shape = SubResource( 138 )

[node name="StaticBody2DBoss3" type="StaticBody2D" parent="Boss" groups=[
"hurt_player",
]]
position = Vector2( -17, -25 )
collision_mask = 0
physics_material_override = SubResource( 107 )
__meta__ = {
"_edit_group_": true
}

[node name="CollisionShape2D" type="CollisionShape2D" parent="Boss/StaticBody2DBoss3"]
shape = SubResource( 139 )

[node name="StaticBody2DBoss4" type="StaticBody2D" parent="Boss" groups=[
"hurt_player",
]]
position = Vector2( -11, 28 )
collision_mask = 0
physics_material_override = SubResource( 107 )
__meta__ = {
"_edit_group_": true
}

[node name="CollisionShape2D" type="CollisionShape2D" parent="Boss/StaticBody2DBoss4"]
shape = SubResource( 140 )

[node name="StaticBody2DBoss5" type="StaticBody2D" parent="Boss" groups=[
"hurt_player",
]]
position = Vector2( -17, 25 )
collision_mask = 0
physics_material_override = SubResource( 107 )
__meta__ = {
"_edit_group_": true
}

[node name="CollisionShape2D" type="CollisionShape2D" parent="Boss/StaticBody2DBoss5"]
shape = SubResource( 141 )

[node name="Hitbox" type="Area2D" parent="Boss"]
collision_layer = 2
collision_mask = 2
script = SubResource( 142 )

[node name="CollisionShape2D" type="CollisionShape2D" parent="Boss/Hitbox"]
position = Vector2( 1, -2 )
shape = SubResource( 143 )

[node name="CollisionShape2D2" type="CollisionShape2D" parent="Boss/Hitbox"]
position = Vector2( 10, -2 )
shape = SubResource( 144 )

[node name="CollisionShape2D3" type="CollisionShape2D" parent="Boss/Hitbox"]
position = Vector2( -10, -2 )
shape = SubResource( 81 )

[node name="Spaceship" parent="." instance=ExtResource( 11 )]
position = Vector2( -132, 0 )

[node name="AnimationTree" type="AnimationTree" parent="."]
tree_root = SubResource( 95 )
anim_player = NodePath("../AnimationPlayer2")
parameters/playback = SubResource( 96 )

[node name="AnimationPlayer2" type="AnimationPlayer" parent="."]
anims/ATK_PUNCH_B = SubResource( 97 )
anims/ATK_SWEEP_H = SubResource( 145 )
anims/ATK_X_CROSS_HB = SubResource( 146 )
anims/Animation_Base = SubResource( 100 )
anims/DEF_BOXE = SubResource( 101 )
anims/TEST = SubResource( 102 )

[node name="AnimationPlayerHit" type="AnimationPlayer" parent="."]
anims/hit = SubResource( 103 )

[node name="Area2D" type="Area2D" parent="."]
position = Vector2( -132, 0 )
__meta__ = {
"_edit_lock_": true
}

[node name="CollisionShape2D" type="CollisionShape2D" parent="Area2D"]
position = Vector2( 79, 0 )
shape = SubResource( 104 )
disabled = true
__meta__ = {
"_edit_lock_": true
}

[node name="Camera2D" type="Camera2D" parent="."]
offset = Vector2( -53, 0 )
current = true

[node name="Area2Ddetectplayer" type="Area2D" parent="."]
position = Vector2( -22, 0 )
script = SubResource( 105 )

[node name="CollisionShape2D" type="CollisionShape2D" parent="Area2Ddetectplayer"]
position = Vector2( -53, 0 )
shape = SubResource( 106 )
__meta__ = {
"_edit_lock_": true
}

[connection signal="body_entered" from="Boss/Hitbox" to="Boss/Hitbox" method="_on_Hitbox_body_entered"]
[connection signal="hit_by_player" from="Boss/Hitbox" to="." method="_on_Hitbox_hit_by_player"]
[connection signal="body_entered" from="Area2Ddetectplayer" to="Area2Ddetectplayer" method="_on_Area2Ddetectplayer_body_entered"]
[connection signal="player_entered" from="Area2Ddetectplayer" to="." method="_on_Area2Ddetectplayer_player_entered"]
