[gd_scene load_steps=9 format=2]

[ext_resource path="res://Mouton_Licorne.png" type="Texture" id=1]

[sub_resource type="GDScript" id=10]
script/source = "extends RigidBody2D


# Declare member variables here. Examples:
# var a = 2
# var b = \"text\"


# Called when the node enters the scene tree for the first time.
func _ready():
	pass # Replace with function body.


# Called every frame. 'delta' is the elapsed time since the previous frame.
#func _process(delta):
#	pass


func _on_Enemy1_body_entered(body):
	if \"Spacebullet\" in body.get_parent().get_name() :
		body.get_parent().queue_free()
		self.queue_free()
"

[sub_resource type="AtlasTexture" id=4]
atlas = ExtResource( 1 )
region = Rect2( 0, 0, 22, 15 )

[sub_resource type="AtlasTexture" id=5]
atlas = ExtResource( 1 )
region = Rect2( 22, 0, 22, 15 )

[sub_resource type="AtlasTexture" id=6]
atlas = ExtResource( 1 )
region = Rect2( 0, 15, 22, 15 )

[sub_resource type="AtlasTexture" id=7]
atlas = ExtResource( 1 )
region = Rect2( 22, 15, 22, 15 )

[sub_resource type="SpriteFrames" id=8]
animations = [ {
"frames": [ SubResource( 4 ), SubResource( 5 ), SubResource( 6 ), SubResource( 7 ) ],
"loop": true,
"name": "default",
"speed": 8.0
} ]

[sub_resource type="RectangleShape2D" id=9]
extents = Vector2( 7, 4 )

[node name="Enemy1" type="RigidBody2D"]
collision_layer = 2
collision_mask = 2
gravity_scale = 0.0
contacts_reported = 3
contact_monitor = true
linear_velocity = Vector2( -10, 0 )
linear_damp = 0.0
script = SubResource( 10 )

[node name="AnimatedSprite" type="AnimatedSprite" parent="."]
frames = SubResource( 8 )
playing = true
__meta__ = {
"_editor_description_": ""
}

[node name="CollisionShape2D" type="CollisionShape2D" parent="."]
position = Vector2( 2, 1 )
shape = SubResource( 9 )

[connection signal="body_entered" from="." to="." method="_on_Enemy1_body_entered"]
